<record><leader>00000cas a2200000 a 4500</leader><controlfield tag="001">32826233</controlfield><controlfield tag="007">hd bfu---baat</controlfield><controlfield tag="007">hd afu---bact</controlfield><controlfield tag="008">950717c18999999nbuwr nea     0    0eng d</controlfield><datafield ind1=" " ind2=" " tag="010"><subfield code="a">sn 95070114 </subfield></datafield><datafield ind1=" " ind2=" " tag="040"><subfield code="a">NVG</subfield><subfield code="b">eng</subfield><subfield code="c">NVG</subfield><subfield code="d">OCL</subfield><subfield code="d">OCLCQ</subfield><subfield code="d">OCLCF</subfield><subfield code="d">OCLCO</subfield><subfield code="d">OCLCQ</subfield></datafield><datafield ind1=" " ind2=" " tag="042"><subfield code="a">msc</subfield></datafield><datafield ind1=" " ind2=" " tag="043"><subfield code="a">n-us-nb</subfield></datafield><datafield ind1="0" ind2="0" tag="245"><subfield code="a">Cambridge clarion.</subfield></datafield><datafield ind1="1" ind2="7" tag="246"><subfield code="a">Cambridge clarion Indianola news</subfield><subfield code="f">Sept. 22, 1966-</subfield></datafield><datafield ind1="1" ind2="7" tag="246"><subfield code="a">Indianola news Cambridge clarion</subfield></datafield><datafield ind1="1" ind2=" " tag="246"><subfield code="i">Friday issue titled:</subfield><subfield code="a">Combine edition, the Cambridge clarion</subfield><subfield code="f">Nov. 28-Dec. 26, 1952</subfield></datafield><datafield ind1="1" ind2=" " tag="246"><subfield code="i">Friday issue running title:</subfield><subfield code="a">Combine edition of the Cambridge clarion</subfield><subfield code="f">Nov. 28-Dec. 26, 1952</subfield></datafield><datafield ind1="1" ind2=" " tag="246"><subfield code="i">Friday issue titled:</subfield><subfield code="a">Combine issue, the Cambridge clarion</subfield><subfield code="f">Jan. 2, 1953-May 28, 1954</subfield></datafield><datafield ind1=" " ind2=" " tag="260"><subfield code="a">Cambridge, Furnas County, Neb. :</subfield><subfield code="b">Clarion Pub. Co.,</subfield><subfield code="c">1899-</subfield></datafield><datafield ind1=" " ind2=" " tag="300"><subfield code="a">volumes</subfield></datafield><datafield ind1=" " ind2=" " tag="310"><subfield code="a">Weekly,</subfield><subfield code="b">June 3, 1954-</subfield></datafield><datafield ind1=" " ind2=" " tag="321"><subfield code="a">Weekly,</subfield><subfield code="b">Feb. 3, 1899-&lt;Oct. 30, 1908&gt;</subfield></datafield><datafield ind1=" " ind2=" " tag="321"><subfield code="a">Semiweekly,</subfield><subfield code="b">&lt;Aug. 20, 1909&gt;-July 14, 1916</subfield></datafield><datafield ind1=" " ind2=" " tag="321"><subfield code="a">Weekly,</subfield><subfield code="b">July 21, 1916-Nov. 18, 1952</subfield></datafield><datafield ind1=" " ind2=" " tag="321"><subfield code="a">Semiweekly,</subfield><subfield code="b">Nov. 25, 1952-May 28, 1954</subfield></datafield><datafield ind1=" " ind2=" " tag="336"><subfield code="a">text</subfield><subfield code="b">txt</subfield><subfield code="2">rdacontent</subfield></datafield><datafield ind1=" " ind2=" " tag="337"><subfield code="a">microform</subfield><subfield code="b">h</subfield><subfield code="2">rdamedia</subfield></datafield><datafield ind1=" " ind2=" " tag="338"><subfield code="a">microfilm reel</subfield><subfield code="b">hd</subfield><subfield code="2">rdacarrier</subfield></datafield><datafield ind1="0" ind2=" " tag="362"><subfield code="a">Vol. 1, no. 1 (Feb. 3, 1899)-</subfield></datafield><datafield ind1=" " ind2=" " tag="515"><subfield code="a">Vols. 8-21 never published.</subfield></datafield><datafield ind1=" " ind2=" " tag="580"><subfield code="a">Absorbed: Wilsonville review, 1966; Combine edition, 1952.</subfield></datafield><datafield ind1=" " ind2=" " tag="580"><subfield code="a">Companion paper: Combine edition, 1952.</subfield></datafield><datafield ind1=" " ind2=" " tag="533"><subfield code="a">Microfilm.</subfield><subfield code="m">1899- :[Gaps]</subfield><subfield code="b">Lincoln, Neb. :</subfield><subfield code="c">Nebraska State Historical Society.</subfield><subfield code="e">microfilm reels ; 35 mm.</subfield></datafield><datafield ind1=" " ind2="0" tag="651"><subfield code="a">Cambridge (Neb.)</subfield><subfield code="v">Newspapers.</subfield></datafield><datafield ind1=" " ind2="0" tag="651"><subfield code="a">Furnas County (Neb.)</subfield><subfield code="v">Newspapers.</subfield></datafield><datafield ind1=" " ind2="7" tag="651"><subfield code="a">Nebraska</subfield><subfield code="z">Cambridge.</subfield><subfield code="2">fast</subfield><subfield code="0">(OCoLC)fst01276104</subfield></datafield><datafield ind1=" " ind2="7" tag="651"><subfield code="a">Nebraska</subfield><subfield code="z">Furnas County.</subfield><subfield code="2">fast</subfield><subfield code="0">(OCoLC)fst01209227</subfield></datafield><datafield ind1=" " ind2="7" tag="655"><subfield code="a">Newspapers.</subfield><subfield code="2">fast</subfield><subfield code="0">(OCoLC)fst01423814</subfield></datafield><datafield ind1=" " ind2=" " tag="752"><subfield code="a">United States</subfield><subfield code="b">Nebraska</subfield><subfield code="c">Furnas</subfield><subfield code="d">Cambridge.</subfield></datafield><datafield ind1="0" ind2="0" tag="780"><subfield code="t">Cambridge kaleidoscope (Cambridge, Neb. : 1898)</subfield><subfield code="w">(DLC)sn 95070115</subfield></datafield><datafield ind1="0" ind2="5" tag="780"><subfield code="t">Wilsonville review</subfield><subfield code="w">(DLC)sn 95069362</subfield></datafield><datafield ind1="0" ind2="5" tag="780"><subfield code="t">Combine edition</subfield><subfield code="w">(DLC)sn 95070118</subfield></datafield><datafield ind1="0" ind2=" " tag="787"><subfield code="t">Combine edition</subfield><subfield code="w">(DLC)sn 95070118</subfield></datafield><datafield ind1="1" ind2=" " tag="029"><subfield code="a">AU@</subfield><subfield code="b">000011868983</subfield></datafield></record>